@mastersthesis{reimann:analysis,
    author			= {Reimann Martin, Prof.~Dr.},
    title			= {Analysis 1\&\ 2},
    school			= {{E}xakte {W}issenschaften {U}niversit{\"{a}}t Bern},
    type			= {{S}kript zur gleichnamigen {V}orlesung},
    address			= {Siedlerstrasse 5, 3012 Bern},
    year			= {1998}
 }
 
@article{kurtbrianlinalggoogle,
  title={The \$ 25,000,000,000 Eigenvector, The Linear Algebra behind Google},
  author={Brian, K.},
  %isbn={9783540890874},
  %series={Mathematik f{\"u}r das Lehramt},
  %url={http://books.google.ch/books?id=udSIDadC0tkC},
  year={2010},
  publisher={Departement of Mathematics, Rose-Hulman Institute of Technology}
}
 
 @mastersthesis{raetz:linalg,
    author			= {RŠtz JŸrg, Prof.~Dr.},
    title			= {{L}ineare {A}lgebra},
    school			= {{E}xakte {W}issenschaften {U}niversit{\"{a}}t Bern},
    type			= {{S}kript zur gleichnamigen {V}orlesung},
    address			= {Siedlerstrasse 5, 3012 Bern},
    year			= {1996}
 }